% This file was created with JabRef 2.9.2.
% Encoding: MacCyrillic

@UNPUBLISHED{foat2014prediction,
  author = {Foat Akhmadeev},
  title = {3D scene reconstruction for a single image of urban scenes},
  year = {2014},
  owner = {foat},
  timestamp = {2014.06.22}
}

