@incollection{foat2014prediction,
year={2015},
isbn={978-3-319-16627-8},
booktitle={Computer Vision - ACCV 2014 Workshops},
volume={9008},
series={Lecture Notes in Computer Science},
editor={Jawahar, C.V. and Shan, Shiguang},
doi={10.1007/978-3-319-16628-5_27},
title={Surface Prediction for a Single Image of Urban Scenes},
url={http://dx.doi.org/10.1007/978-3-319-16628-5_27},
publisher={Springer International Publishing},
author={Akhmadeev, Foat},
pages={369-382},
language={English}
}

